@ARTICLE{Rauch1997,
       author = {{Rauch}, Michael and {Haehnelt}, Martin G. and {Steinmetz}, Matthias},
        title = "{QSO Metal Absorption Systems at High Redshift and the Signature of Hierarchical Galaxy Formation}",
      journal = {\apj},
     keywords = {Galaxies: Formation, Hydrodynamics, Galaxies: Quasars: Absorption Lines, Astrophysics},
         year = 1997,
        month = may,
       volume = {481},
       number = {2},
        pages = {601-624},
          doi = {10.1086/304085},
archivePrefix = {arXiv},
       eprint = {astro-ph/9609083},
 primaryClass = {astro-ph},
       adsurl = {https://ui.adsabs.harvard.edu/abs/1997ApJ...481..601R},
      adsnote = {Provided by the SAO/NASA Astrophysics Data System}
}

@ARTICLE{Zahedy2021,
       author = {{Zahedy}, Fakhri S. and {Chen}, Hsiao-Wen and {Cooper}, Thomas M. and {Boettcher}, Erin and {Johnson}, Sean D. and {Rudie}, Gwen C. and {Chen}, Mandy C. and {Cantalupo}, Sebastiano and {Cooksey}, Kathy L. and {Faucher-Gigu{\`e}re}, Claude-Andr{\'e} and {Greene}, Jenny E. and {Lopez}, Sebastian and {Mulchaey}, John S. and {Penton}, Steven V. and {Petitjean}, Patrick and {Putman}, Mary E. and {Rafelski}, Marc and {Rauch}, Michael and {Schaye}, Joop and {Simcoe}, Robert A. and {Walth}, Gregory L.},
        title = "{The Cosmic Ultraviolet Baryon Survey (CUBS) - III. Physical properties and elemental abundances of Lyman-limit systems at z < 1}",
      journal = {\mnras},
     keywords = {surveys, galaxies: haloes, intergalactic medium, quasars: absorption lines, Astrophysics - Astrophysics of Galaxies},
         year = 2021,
        month = sep,
       volume = {506},
       number = {1},
        pages = {877-902},
          doi = {10.1093/mnras/stab1661},
archivePrefix = {arXiv},
       eprint = {2106.04608},
 primaryClass = {astro-ph.GA},
       adsurl = {https://ui.adsabs.harvard.edu/abs/2021MNRAS.506..877Z},
      adsnote = {Provided by the SAO/NASA Astrophysics Data System}
}


@ARTICLE{Prochter2010,
       author = {{Prochter}, Gabriel E. and {Prochaska}, J. Xavier and {O'Meara}, John M. and {Burles}, Scott and {Bernstein}, Rebecca A.},
        title = "{The Keck + Magellan Survey for Lyman Limit Absorption. II. A Case Study on Metallicity Variations}",
      journal = {\apj},
     keywords = {intergalactic medium, large-scale structure of universe, quasars: absorption lines, Astrophysics - Cosmology and Nongalactic Astrophysics},
         year = 2010,
        month = jan,
       volume = {708},
       number = {2},
        pages = {1221-1237},
          doi = {10.1088/0004-637X/708/2/1221},
archivePrefix = {arXiv},
       eprint = {0912.0293},
 primaryClass = {astro-ph.CO},
       adsurl = {https://ui.adsabs.harvard.edu/abs/2010ApJ...708.1221P},
      adsnote = {Provided by the SAO/NASA Astrophysics Data System}
}



@ARTICLE{Prochaska1997,
       author = {{Prochaska}, Jason X. and {Wolfe}, Arthur M.},
        title = "{On the Kinematics of the Damped Lyman-{\ensuremath{\alpha}} Protogalaxies}",
      journal = {\apj},
     keywords = {Cosmology: Theory, Galaxies: Kinematics and Dynamics, Galaxies: Structure, Methods: Numerical, Galaxies: Quasars: Absorption Lines, Astrophysics},
         year = 1997,
        month = sep,
       volume = {487},
       number = {1},
        pages = {73-95},
          doi = {10.1086/304591},
archivePrefix = {arXiv},
       eprint = {astro-ph/9704169},
 primaryClass = {astro-ph},
       adsurl = {https://ui.adsabs.harvard.edu/abs/1997ApJ...487...73P},
      adsnote = {Provided by the SAO/NASA Astrophysics Data System}
}

@ARTICLE{Gibson2022,
       author = {{Gibson}, Justus L. and {Lehner}, Nicolas and {Oppenheimer}, Benjamin D. and {Howk}, J. Christopher and {Cooksey}, Kathy L. and {Fox}, Andrew J.},
        title = "{The COS CGM Compendium. IV. Effects of Varying Ionization Backgrounds on Metallicity Determinations in the z < 1 Circumgalactic Medium}",
      journal = {\aj},
     keywords = {Circumgalactic medium, Intergalactic medium, Lyman limit systems, Quasar absorption line spectroscopy, 1879, 813, 981, 1317, Astrophysics - Astrophysics of Galaxies},
         year = 2022,
        month = jul,
       volume = {164},
       number = {1},
          eid = {9},
        pages = {9},
          doi = {10.3847/1538-3881/ac69d0},
archivePrefix = {arXiv},
       eprint = {2204.07586},
 primaryClass = {astro-ph.GA},
       adsurl = {https://ui.adsabs.harvard.edu/abs/2022AJ....164....9G},
      adsnote = {Provided by the SAO/NASA Astrophysics Data System}
}


@ARTICLE{Wotta2016,
       author = {{Wotta}, Christopher B. and {Lehner}, Nicolas and {Howk}, J. Christopher and {O'Meara}, John M. and {Prochaska}, J. Xavier},
        title = "{Low-metallicity Absorbers Account for Half of the Dense Circumgalactic Gas at z {\ensuremath{\lesssim}} 1}",
      journal = {\apj},
     keywords = {cosmology: observations, galaxies: abundances, galaxies: evolution, galaxies: halos, intergalactic medium, quasars: absorption lines, Astrophysics - Astrophysics of Galaxies},
         year = 2016,
        month = nov,
       volume = {831},
       number = {1},
          eid = {95},
        pages = {95},
          doi = {10.3847/0004-637X/831/1/95},
archivePrefix = {arXiv},
       eprint = {1608.02584},
 primaryClass = {astro-ph.GA},
       adsurl = {https://ui.adsabs.harvard.edu/abs/2016ApJ...831...95W},
      adsnote = {Provided by the SAO/NASA Astrophysics Data System}
}



@ARTICLE{Charlton1996,
       author = {{Charlton}, Jane C. and {Churchill}, Christopher W.},
        title = "{MG II Absorbing Galaxies: Halos or Disks?}",
      journal = {\apj},
     keywords = {GALAXIES: EVOLUTION, GALAXIES: STRUCTURE, GALAXIES: QUASARS: ABSORPTION LINES},
         year = 1996,
        month = jul,
       volume = {465},
        pages = {631},
          doi = {10.1086/177448},
       adsurl = {https://ui.adsabs.harvard.edu/abs/1996ApJ...465..631C},
      adsnote = {Provided by the SAO/NASA Astrophysics Data System}
}


@ARTICLE{Wotta2019,
       author = {{Wotta}, Christopher B. and {Lehner}, Nicolas and {Howk}, J. Christopher and {O'Meara}, John M. and {Oppenheimer}, Benjamin D. and {Cooksey}, Kathy L.},
        title = "{The COS CGM Compendium. II. Metallicities of the Partial and Lyman Limit Systems at z {\ensuremath{\lesssim}} 1}",
      journal = {\apj},
     keywords = {cosmology: observations, galaxies: abundances, galaxies: evolution, galaxies: halos, intergalactic medium, quasars: absorption lines, Astrophysics - Astrophysics of Galaxies},
         year = 2019,
        month = feb,
       volume = {872},
       number = {1},
          eid = {81},
        pages = {81},
          doi = {10.3847/1538-4357/aafb74},
archivePrefix = {arXiv},
       eprint = {1811.10654},
 primaryClass = {astro-ph.GA},
       adsurl = {https://ui.adsabs.harvard.edu/abs/2019ApJ...872...81W},
      adsnote = {Provided by the SAO/NASA Astrophysics Data System}
}

@ARTICLE{Lehner2019,
       author = {{Lehner}, Nicolas and {Wotta}, Christopher B. and {Howk}, J. Christopher and {O'Meara}, John M. and {Oppenheimer}, Benjamin D. and {Cooksey}, Kathy L.},
        title = "{The COS CGM Compendium. III. Metallicity and Physical Properties of the Cool Circumgalactic Medium at z {\ensuremath{\lesssim}} 1}",
      journal = {\apj},
     keywords = {Quasar absorption line spectroscopy, Metallicity, Galaxy environments, Circumgalactic medium, 1879, 1317, 1031, 2029, Astrophysics - Astrophysics of Galaxies},
         year = 2019,
        month = dec,
       volume = {887},
       number = {1},
          eid = {5},
        pages = {5},
          doi = {10.3847/1538-4357/ab41fd},
archivePrefix = {arXiv},
       eprint = {1902.10147},
 primaryClass = {astro-ph.GA},
       adsurl = {https://ui.adsabs.harvard.edu/abs/2019ApJ...887....5L},
      adsnote = {Provided by the SAO/NASA Astrophysics Data System}
}

@ARTICLE{Lehner2020,
       author = {{Lehner}, Nicolas and {Berek}, Samantha C. and {Howk}, J. Christopher and {Wakker}, Bart P. and {Tumlinson}, Jason and {Jenkins}, Edward B. and {Prochaska}, J. Xavier and {Augustin}, Ramona and {Ji}, Suoqing and {Faucher-Gigu{\`e}re}, Claude-Andr{\'e} and {Hafen}, Zachary and {Peeples}, Molly S. and {Barger}, Kat A. and {Berg}, Michelle A. and {Bordoloi}, Rongmon and {Brown}, Thomas M. and {Fox}, Andrew J. and {Gilbert}, Karoline M. and {Guhathakurta}, Puragra and {Kalirai}, Jason S. and {Lockman}, Felix J. and {O'Meara}, John M. and {Pisano}, D.~J. and {Ribaudo}, Joseph and {Werk}, Jessica K.},
        title = "{Project AMIGA: The Circumgalactic Medium of Andromeda}",
      journal = {\apj},
     keywords = {Circumgalactic medium, Andromeda Galaxy, Local Group, Quasar absorption line spectroscopy, 1879, 39, 929, 1317, Astrophysics - Astrophysics of Galaxies},
         year = 2020,
        month = sep,
       volume = {900},
       number = {1},
          eid = {9},
        pages = {9},
          doi = {10.3847/1538-4357/aba49c},
archivePrefix = {arXiv},
       eprint = {2002.07818},
 primaryClass = {astro-ph.GA},
       adsurl = {https://ui.adsabs.harvard.edu/abs/2020ApJ...900....9L},
      adsnote = {Provided by the SAO/NASA Astrophysics Data System}
}


@ARTICLE{Kacprzak2019,
       author = {{Kacprzak}, Glenn G. and {Pointon}, Stephanie K. and {Nielsen}, Nikole M. and {Churchill}, Christopher W. and {Muzahid}, Sowgat and {Charlton}, Jane C.},
        title = "{The Relationship between Galaxy ISM and Circumgalactic Gas Metallicities}",
      journal = {\apj},
     keywords = {galaxies: halos, quasars: absorption lines, Astrophysics - Astrophysics of Galaxies},
         year = 2019,
        month = dec,
       volume = {886},
       number = {2},
          eid = {91},
        pages = {91},
          doi = {10.3847/1538-4357/ab4c3c},
archivePrefix = {arXiv},
       eprint = {1910.04310},
 primaryClass = {astro-ph.GA},
       adsurl = {https://ui.adsabs.harvard.edu/abs/2019ApJ...886...91K},
      adsnote = {Provided by the SAO/NASA Astrophysics Data System}
}


@ARTICLE{Prochaska2017,
       author = {{Prochaska}, J. Xavier and {Werk}, Jessica K. and {Worseck}, G{\'a}bor and {Tripp}, Todd M. and {Tumlinson}, Jason and {Burchett}, Joseph N. and {Fox}, Andrew J. and {Fumagalli}, Michele and {Lehner}, Nicolas and {Peeples}, Molly S. and {Tejos}, Nicolas},
        title = "{The COS-Halos Survey: Metallicities in the Low-redshift Circumgalactic Medium}",
      journal = {\apj},
     keywords = {galaxies: halos, Astrophysics - Astrophysics of Galaxies},
         year = 2017,
        month = mar,
       volume = {837},
       number = {2},
          eid = {169},
        pages = {169},
          doi = {10.3847/1538-4357/aa6007},
archivePrefix = {arXiv},
       eprint = {1702.02618},
 primaryClass = {astro-ph.GA},
       adsurl = {https://ui.adsabs.harvard.edu/abs/2017ApJ...837..169P},
      adsnote = {Provided by the SAO/NASA Astrophysics Data System}
}

@ARTICLE{Werk2014,
       author = {{Werk}, Jessica K. and {Prochaska}, J. Xavier and {Tumlinson}, Jason and {Peeples}, Molly S. and {Tripp}, Todd M. and {Fox}, Andrew J. and {Lehner}, Nicolas and {Thom}, Christopher and {O'Meara}, John M. and {Ford}, Amanda Brady and {Bordoloi}, Rongmon and {Katz}, Neal and {Tejos}, Nicolas and {Oppenheimer}, Benjamin D. and {Dav{\'e}}, Romeel and {Weinberg}, David H.},
        title = "{The COS-Halos Survey: Physical Conditions and Baryonic Mass in the Low-redshift Circumgalactic Medium}",
      journal = {\apj},
     keywords = {galaxies: formation, galaxies: halos, intergalactic medium, quasars: absorption lines, Astrophysics - Cosmology and Nongalactic Astrophysics},
         year = 2014,
        month = sep,
       volume = {792},
       number = {1},
          eid = {8},
        pages = {8},
          doi = {10.1088/0004-637X/792/1/8},
archivePrefix = {arXiv},
       eprint = {1403.0947},
 primaryClass = {astro-ph.CO},
       adsurl = {https://ui.adsabs.harvard.edu/abs/2014ApJ...792....8W},
      adsnote = {Provided by the SAO/NASA Astrophysics Data System}
}


@ARTICLE{Tumlinson2013,
       author = {{Tumlinson}, Jason and {Thom}, Christopher and {Werk}, Jessica K. and {Prochaska}, J. Xavier and {Tripp}, Todd M. and {Katz}, Neal and {Dav{\'e}}, Romeel and {Oppenheimer}, Benjamin D. and {Meiring}, Joseph D. and {Ford}, Amanda Brady and {O'Meara}, John M. and {Peeples}, Molly S. and {Sembach}, Kenneth R. and {Weinberg}, David H.},
        title = "{The COS-Halos Survey: Rationale, Design, and a Census of Circumgalactic Neutral Hydrogen}",
      journal = {\apj},
     keywords = {galaxies: formation, galaxies: halos, intergalactic medium, quasars: absorption lines, Astrophysics - Cosmology and Nongalactic Astrophysics, Astrophysics - Astrophysics of Galaxies},
         year = 2013,
        month = nov,
       volume = {777},
       number = {1},
          eid = {59},
        pages = {59},
          doi = {10.1088/0004-637X/777/1/59},
archivePrefix = {arXiv},
       eprint = {1309.6317},
 primaryClass = {astro-ph.CO},
       adsurl = {https://ui.adsabs.harvard.edu/abs/2013ApJ...777...59T},
      adsnote = {Provided by the SAO/NASA Astrophysics Data System}
}

@ARTICLE{Lehner2022,
       author = {{Lehner}, Nicolas and {Kopenhafer}, Claire and {O'Meara}, John M. and {Howk}, J. Christopher and {Fumagalli}, Michele and {Prochaska}, J. Xavier and {Acharyya}, Ayan and {O'Shea}, Brian W. and {Peeples}, Molly S. and {Tumlinson}, Jason and {Hummels}, Cameron B.},
        title = "{KODIAQ-Z: Metals and Baryons in the Cool Intergalactic and Circumgalactic Gas at 2.2 {\ensuremath{\lesssim}} z {\ensuremath{\lesssim}} 3.6}",
      journal = {\apj},
     keywords = {Circumgalactic medium, Damped Lyman-alpha systems, Cool intergalactic medium, Lyman limit systems, Quasar absorption line spectroscopy, Metallicity, 1879, 349, 303, 981, 1317, 1031, Astrophysics - Astrophysics of Galaxies, Astrophysics - Cosmology and Nongalactic Astrophysics},
         year = 2022,
        month = sep,
       volume = {936},
       number = {2},
          eid = {156},
        pages = {156},
          doi = {10.3847/1538-4357/ac7400},
archivePrefix = {arXiv},
       eprint = {2112.03304},
 primaryClass = {astro-ph.GA},
       adsurl = {https://ui.adsabs.harvard.edu/abs/2022ApJ...936..156L},
      adsnote = {Provided by the SAO/NASA Astrophysics Data System}
}



@ARTICLE{Rigby2002,
       author = {{Rigby}, Jane R. and {Charlton}, Jane C. and {Churchill}, Christopher W.},
        title = "{The Population of Weak Mg II Absorbers. II. The Properties of Single-Cloud Systems}",
      journal = {\apj},
     keywords = {Galaxies: Dwarf, Galaxies: Evolution, Galaxies: Halos, Galaxies: Intergalactic Medium, Galaxies: Quasars: Absorption Lines, Astrophysics},
         year = 2002,
        month = feb,
       volume = {565},
       number = {2},
        pages = {743-761},
          doi = {10.1086/324723},
archivePrefix = {arXiv},
       eprint = {astro-ph/0110191},
 primaryClass = {astro-ph},
       adsurl = {https://ui.adsabs.harvard.edu/abs/2002ApJ...565..743R},
      adsnote = {Provided by the SAO/NASA Astrophysics Data System}
}

@ARTICLE{Narayanan2008,
       author = {{Narayanan}, Anand and {Charlton}, Jane C. and {Misawa}, Toru and {Green}, Rebecca E. and {Kim}, Tae-Sun},
        title = "{The Chemical and Ionization Conditions in Weak Mg II Absorbers}",
      journal = {\apj},
     keywords = {galaxies: evolution, Galaxy: halo, intergalactic medium, quasars: absorption lines, Astrophysics},
         year = 2008,
        month = dec,
       volume = {689},
       number = {2},
        pages = {782-815},
          doi = {10.1086/592763},
archivePrefix = {arXiv},
       eprint = {0808.2651},
 primaryClass = {astro-ph},
       adsurl = {https://ui.adsabs.harvard.edu/abs/2008ApJ...689..782N},
      adsnote = {Provided by the SAO/NASA Astrophysics Data System}
}

@ARTICLE{Muzahid2018,
       author = {{Muzahid}, S. and {Fonseca}, G. and {Roberts}, A. and {Rosenwasser}, B. and {Richter}, P. and {Narayanan}, A. and {Churchill}, C. and {Charlton}, J.},
        title = "{COS-Weak: probing the CGM using analogues of weak Mg II absorbers at z < 0.3}",
      journal = {\mnras},
     keywords = {galaxies: formation, galaxies: haloes, quasar: absorption line, Astrophysics - Astrophysics of Galaxies},
         year = 2018,
        month = jun,
       volume = {476},
       number = {4},
        pages = {4965-4986},
          doi = {10.1093/mnras/sty529},
archivePrefix = {arXiv},
       eprint = {1709.03999},
 primaryClass = {astro-ph.GA},
       adsurl = {https://ui.adsabs.harvard.edu/abs/2018MNRAS.476.4965M},
      adsnote = {Provided by the SAO/NASA Astrophysics Data System}
}

@ARTICLE{charlton2000anticipating,
       author = {{Charlton}, Jane C. and {Mellon}, Richard R. and {Rigby}, Jane R. and {Churchill}, Christopher W.},
        title = "{Anticipating High-Resolution STIS Spectra of Four Multiphase Mg II Absorbers: A Test of Photoionization Models}",
      journal = {\apj},
     keywords = {Galaxies: Evolution, Galaxies: Halos, Galaxies: Quasars: Absorption Lines},
         year = 2000,
        month = dec,
       volume = {545},
       number = {2},
        pages = {635-656},
          doi = {10.1086/317825},
       adsurl = {https://ui.adsabs.harvard.edu/abs/2000ApJ...545..635C},
      adsnote = {Provided by the SAO/NASA Astrophysics Data System}
}

@ARTICLE{ding2003quadruple,
       author = {{Ding}, Jie and {Charlton}, Jane C. and {Bond}, Nicholas A. and {Zonak}, Stephanie G. and {Churchill}, Christopher W.},
        title = "{A Quadruple-Phase Strong Mg II Absorber at z \raisebox{-0.5ex}\textasciitilde 0.9902 toward PG 1634+706}",
      journal = {\apj},
     keywords = {Galaxies: Evolution, Galaxies: Halos, Galaxies: Quasars: Absorption Lines, Astrophysics},
         year = 2003,
        month = apr,
       volume = {587},
       number = {2},
        pages = {551-561},
          doi = {10.1086/368250},
archivePrefix = {arXiv},
       eprint = {astro-ph/0302298},
 primaryClass = {astro-ph},
       adsurl = {https://ui.adsabs.harvard.edu/abs/2003ApJ...587..551D},
      adsnote = {Provided by the SAO/NASA Astrophysics Data System}
}

@ARTICLE{charlton2003high,
       author = {{Charlton}, Jane C. and {Ding}, Jie and {Zonak}, Stephanie G. and {Churchill}, Christopher W. and {Bond}, Nicholas A. and {Rigby}, Jane R.},
        title = "{High-Resolution STIS/Hubble Space Telescope and HIRES/Keck Spectra of Three Weak Mg II Absorbers toward PG 1634+706}",
      journal = {\apj},
     keywords = {Galaxies: Evolution, Galaxies: Halos, Galaxies: Quasars: Absorption Lines, Astrophysics},
         year = 2003,
        month = may,
       volume = {589},
       number = {1},
        pages = {111-125},
          doi = {10.1086/374353},
archivePrefix = {arXiv},
       eprint = {astro-ph/0302394},
 primaryClass = {astro-ph},
       adsurl = {https://ui.adsabs.harvard.edu/abs/2003ApJ...589..111C},
      adsnote = {Provided by the SAO/NASA Astrophysics Data System}
}


@ARTICLE{ding2003multiphase,
       author = {{Ding}, Jie and {Charlton}, Jane C. and {Churchill}, Christopher W. and {Palma}, Christopher},
        title = "{The Multiphase Absorption Systems toward PG 1206+459}",
      journal = {\apj},
     keywords = {Galaxies: Evolution, Galaxies: Halos, Galaxies: ISM, Galaxies: Quasars: Absorption Lines, Astrophysics},
         year = 2003,
        month = jun,
       volume = {590},
       number = {2},
        pages = {746-769},
          doi = {10.1086/375028},
archivePrefix = {arXiv},
       eprint = {astro-ph/0303102},
 primaryClass = {astro-ph},
       adsurl = {https://ui.adsabs.harvard.edu/abs/2003ApJ...590..746D},
      adsnote = {Provided by the SAO/NASA Astrophysics Data System}
}

@ARTICLE{zonak2004absorption,
       author = {{Zonak}, Stephanie G. and {Charlton}, Jane C. and {Ding}, Jie and {Churchill}, Christopher W.},
        title = "{The Absorption Signatures of Dwarf Galaxies: The z=1.04 Multicloud Weak Mg II Absorber toward PG 1634+706}",
      journal = {\apj},
     keywords = {Galaxies: Dwarf, Galaxies: Evolution, Galaxies: Halos, Galaxies: Intergalactic Medium, Galaxies: Quasars: Absorption Lines, Astrophysics},
         year = 2004,
        month = may,
       volume = {606},
       number = {1},
        pages = {196-212},
          doi = {10.1086/382939},
archivePrefix = {arXiv},
       eprint = {astro-ph/0403121},
 primaryClass = {astro-ph},
       adsurl = {https://ui.adsabs.harvard.edu/abs/2004ApJ...606..196Z},
      adsnote = {Provided by the SAO/NASA Astrophysics Data System}
}

@ARTICLE{ding2005absorption,
       author = {{Ding}, Jie and {Charlton}, Jane C. and {Churchill}, Christopher W.},
        title = "{The Absorption Signature of Six Mg II-selected Systems over 0.5 <= z <= 0.9}",
      journal = {\apj},
     keywords = {Galaxies: Evolution, Galaxies: Halos, Galaxies: Quasars: Absorption Lines, Astrophysics},
         year = 2005,
        month = mar,
       volume = {621},
       number = {2},
        pages = {615-634},
          doi = {10.1086/427623},
archivePrefix = {arXiv},
       eprint = {astro-ph/0412384},
 primaryClass = {astro-ph},
       adsurl = {https://ui.adsabs.harvard.edu/abs/2005ApJ...621..615D},
      adsnote = {Provided by the SAO/NASA Astrophysics Data System}
}

@ARTICLE{masiero2005models,
       author = {{Masiero}, Joseph R. and {Charlton}, Jane C. and {Ding}, Jie and {Churchill}, Christopher W. and {Kacprzak}, Glenn},
        title = "{Models of Five Absorption-Line Systems along the Line of Sight Toward PG 0117+213}",
      journal = {\apj},
     keywords = {Galaxies: Evolution, Galaxies: Halos, Galaxies: Intergalactic Medium, Galaxies: Quasars: Absorption Lines, Astrophysics},
         year = 2005,
        month = apr,
       volume = {623},
       number = {1},
        pages = {57-78},
          doi = {10.1086/428426},
archivePrefix = {arXiv},
       eprint = {astro-ph/0501139},
 primaryClass = {astro-ph},
       adsurl = {https://ui.adsabs.harvard.edu/abs/2005ApJ...623...57M},
      adsnote = {Provided by the SAO/NASA Astrophysics Data System}
}

@ARTICLE{lacki2010z,
       author = {{Lacki}, B.~C. and {Charlton}, J.~C.},
        title = "{The z = 0.0777 CIII absorber towards PHL 1811 as a case study of a low-redshift weak metal line absorber}",
      journal = {\mnras},
     keywords = {intergalactic medium, quasars: absorption lines, Astrophysics - Cosmology and Extragalactic Astrophysics},
         year = 2010,
        month = apr,
       volume = {403},
       number = {3},
        pages = {1556-1568},
          doi = {10.1111/j.1365-2966.2009.16216.x},
archivePrefix = {arXiv},
       eprint = {0912.4308},
 primaryClass = {astro-ph.CO},
       adsurl = {https://ui.adsabs.harvard.edu/abs/2010MNRAS.403.1556L},
      adsnote = {Provided by the SAO/NASA Astrophysics Data System}
}

@ARTICLE{jones2010bare,
       author = {{Jones}, Therese M. and {Misawa}, Toru and {Charlton}, Jane C. and {Mshar}, Andrew C. and {Ferland}, Gary J.},
        title = "{A Bare Molecular Cloud at z \raisebox{-0.5ex}\textasciitilde 0.45}",
      journal = {\apj},
     keywords = {galaxies: evolution, galaxies: halos, intergalactic medium, quasars: absorption lines, Astrophysics - Cosmology and Nongalactic Astrophysics},
         year = 2010,
        month = jun,
       volume = {715},
       number = {2},
        pages = {1497-1507},
          doi = {10.1088/0004-637X/715/2/1497},
archivePrefix = {arXiv},
       eprint = {1004.2043},
 primaryClass = {astro-ph.CO},
       adsurl = {https://ui.adsabs.harvard.edu/abs/2010ApJ...715.1497J},
      adsnote = {Provided by the SAO/NASA Astrophysics Data System}
}