
@ARTICLE{Booth2009,
   author = {{Booth}, C.~M. and {Schaye}, J.},
    title = "{Cosmological simulations of the growth of supermassive black holes and feedback from active galactic nuclei: method and tests}",
  journal = {\mnras},
archivePrefix = "arXiv",
   eprint = {0904.2572},
 keywords = {hydrodynamics , galaxies: active , galaxies: evolution , galaxies: formation , quasars: general , cosmology: theory},
     year = 2009,
    month = sep,
   volume = 398,
    pages = {53-74},
      doi = {10.1111/j.1365-2966.2009.15043.x},
   adsurl = {http://adsabs.harvard.edu/abs/2009MNRAS.398...53B},
  adsnote = {Provided by the SAO/NASA Astrophysics Data System}
}

@ARTICLE{Chabrier2003,
   author = {{Chabrier}, G.},
    title = "{The Galactic Disk Mass Function: Reconciliation of the Hubble Space Telescope and Nearby Determinations}",
  journal = {\apjl},
   eprint = {astro-ph/0302511},
 keywords = {Galaxy: Stellar Content, Stars: Low-Mass, Brown Dwarfs, Stars: Luminosity Function, Mass Function},
     year = 2003,
    month = apr,
   volume = 586,
    pages = {L133-L136},
      doi = {10.1086/374879},
   adsurl = {http://adsabs.harvard.edu/abs/2003ApJ...586L.133C},
  adsnote = {Provided by the SAO/NASA Astrophysics Data System}
}

@ARTICLE{Crain2015,
   author = {{Crain}, R.~A. and {Schaye}, J. and {Bower}, R.~G. and {Furlong}, M. and 
	{Schaller}, M. and {Theuns}, T. and {Dalla Vecchia}, C. and 
	{Frenk}, C.~S. and {McCarthy}, I.~G. and {Helly}, J.~C. and 
	{Jenkins}, A. and {Rosas-Guevara}, Y.~M. and {White}, S.~D.~M. and 
	{Trayford}, J.~W.},
    title = "{The EAGLE simulations of galaxy formation: calibration of subgrid physics and model variations}",
  journal = {\mnras},
archivePrefix = "arXiv",
   eprint = {1501.01311},
 keywords = {galaxies: evolution, galaxies: formation, galaxies: haloes, cosmology: theory},
     year = 2015,
    month = jun,
   volume = 450,
    pages = {1937-1961},
      doi = {10.1093/mnras/stv725},
   adsurl = {http://adsabs.harvard.edu/abs/2015MNRAS.450.1937C},
  adsnote = {Provided by the SAO/NASA Astrophysics Data System}
}

@ARTICLE{DallaVecchia2012,
   author = {{Dalla Vecchia}, C. and {Schaye}, J.},
    title = "{Simulating galactic outflows with thermal supernova feedback}",
  journal = {\mnras},
archivePrefix = "arXiv",
   eprint = {1203.5667},
 keywords = {methods: numerical, ISM: bubbles, ISM: jets and outflows, galaxies: evolution, galaxies: formation, galaxies: ISM },
     year = 2012,
    month = oct,
   volume = 426,
    pages = {140-158},
      doi = {10.1111/j.1365-2966.2012.21704.x},
   adsurl = {http://adsabs.harvard.edu/abs/2012MNRAS.426..140D},
  adsnote = {Provided by the SAO/NASA Astrophysics Data System}
}

@ARTICLE{EagleTeam2017,
       author = {{The EAGLE team}},
        title = "{The EAGLE simulations of galaxy formation: Public release of particle data}",
      journal = {arXiv e-prints},
     keywords = {Astrophysics - Astrophysics of Galaxies},
         year = 2017,
        month = jun,
          eid = {arXiv:1706.09899},
        pages = {arXiv:1706.09899},
archivePrefix = {arXiv},
       eprint = {1706.09899},
 primaryClass = {astro-ph.GA},
       adsurl = {https://ui.adsabs.harvard.edu/abs/2017arXiv170609899T},
      adsnote = {Provided by the SAO/NASA Astrophysics Data System}
}

@ARTICLE{McAlpine2016,
   author = {{McAlpine}, S. and {Helly}, J.~C. and {Schaller}, M. and {Trayford}, J.~W. and 
	{Qu}, Y. and {Furlong}, M. and {Bower}, R.~G. and {Crain}, R.~A. and 
	{Schaye}, J. and {Theuns}, T. and {Dalla Vecchia}, C. and {Frenk}, C.~S. and 
	{McCarthy}, I.~G. and {Jenkins}, A. and {Rosas-Guevara}, Y. and 
	{White}, S.~D.~M. and {Baes}, M. and {Camps}, P. and {Lemson}, G.
	},
    title = "{The EAGLE simulations of galaxy formation: Public release of halo and galaxy catalogues}",
  journal = {Astronomy and Computing},
archivePrefix = "arXiv",
   eprint = {1510.01320},
 keywords = {Cosmology: theory, Galaxies: formation, Galaxies: evolution, Method: numerical},
     year = 2016,
    month = apr,
   volume = 15,
    pages = {72-89},
      doi = {10.1016/j.ascom.2016.02.004},
   adsurl = {http://adsabs.harvard.edu/abs/2016A\%26C....15...72M},
  adsnote = {Provided by the SAO/NASA Astrophysics Data System}
}

@ARTICLE{PlanckCollaboration2013,
   author = {{Planck Collaboration} and {Ade}, P.~A.~R. and {Aghanim}, N. and 
	{Alves}, M.~I.~R. and {Armitage-Caplan}, C. and {Arnaud}, M. and 
	{Ashdown}, M. and {Atrio-Barandela}, F. and {Aumont}, J. and 
	{Aussel}, H. and et al.},
    title = "{Planck 2013 results. I. Overview of products and scientific results}",
  journal = {\aap},
archivePrefix = "arXiv",
   eprint = {1303.5062},
 keywords = {cosmology: observations, cosmic background radiation, space vehicles: instruments, instrumentation: detectors},
     year = 2014,
    month = nov,
   volume = 571,
      eid = {A1},
    pages = {A1},
      doi = {10.1051/0004-6361/201321529},
   adsurl = {http://adsabs.harvard.edu/abs/2014A\%26A...571A...1P},
  adsnote = {Provided by the SAO/NASA Astrophysics Data System}
}

@ARTICLE{Rahmati2016,
   author = {{Rahmati}, A. and {Schaye}, J. and {Crain}, R.~A. and {Oppenheimer}, B.~D. and 
	{Schaller}, M. and {Theuns}, T.},
    title = "{Cosmic distribution of highly ionized metals and their physical conditions in the EAGLE simulations}",
  journal = {\mnras},
archivePrefix = "arXiv",
   eprint = {1511.01094},
 keywords = {methods: numerical, galaxies: formation, galaxies: high-redshift, intergalactic medium, quasars: absorption lines},
     year = 2016,
    month = jun,
   volume = 459,
    pages = {310-332},
      doi = {10.1093/mnras/stw453},
   adsurl = {http://adsabs.harvard.edu/abs/2016MNRAS.459..310R},
  adsnote = {Provided by the SAO/NASA Astrophysics Data System}
}

@ARTICLE{Rosas-Guevara2015,
       author = {{Rosas-Guevara}, Y.~M. and {Bower}, R.~G. and {Schaye}, J. and
         {Furlong}, M. and {Frenk}, C.~S. and {Booth}, C.~M. and {Crain}, R.~A. and
         {Dalla Vecchia}, C. and {Schaller}, M. and {Theuns}, T.},
        title = "{The impact of angular momentum on black hole accretion rates in simulations of galaxy formation}",
      journal = {\mnras},
     keywords = {black hole physics, methods: numerical, galaxies: active, galaxies: evolution, galaxies: formation, quasars: general, Astrophysics - Cosmology and Nongalactic Astrophysics},
         year = 2015,
        month = nov,
       volume = {454},
       number = {1},
        pages = {1038-1057},
          doi = {10.1093/mnras/stv2056},
archivePrefix = {arXiv},
       eprint = {1312.0598},
 primaryClass = {astro-ph.CO},
       adsurl = {https://ui.adsabs.harvard.edu/abs/2015MNRAS.454.1038R},
      adsnote = {Provided by the SAO/NASA Astrophysics Data System}
}


@ARTICLE{Schaller2015,
       author = {{Schaller}, Matthieu and {Dalla Vecchia}, Claudio and {Schaye}, Joop and
        {Bower}, Richard G. and {Theuns}, Tom and {Crain}, Robert A. and
        {Furlong}, Michelle and {McCarthy}, Ian G.},
        title = "{The EAGLE simulations of galaxy formation: the importance of the
        hydrodynamics scheme}",
      journal = {\mnras},
     keywords = {methods: numerical, galaxies: clusters: intracluster medium, galaxies:
        formation, cosmology: theory, Astrophysics - Astrophysics of
        Galaxies, Astrophysics - Cosmology and Nongalactic Astrophysics},
         year = 2015,
        month = Dec,
       volume = {454},
        pages = {2277-2291},
          doi = {10.1093/mnras/stv2169},
 primaryClass = {astro-ph.GA},
       adsurl = {https://ui.adsabs.harvard.edu/#abs/2015MNRAS.454.2277S},
      adsnote = {Provided by the SAO/NASA Astrophysics Data System}
}

@ARTICLE{Schaye2004,
   author = {{Schaye}, J.},
    title = "{Star Formation Thresholds and Galaxy Edges: Why and Where}",
  journal = {\apj},
   eprint = {astro-ph/0205125},
 keywords = {Galaxies: Evolution, Galaxies: Formation, Galaxies: ISM, ISM: Clouds, Stars: Formation},
     year = 2004,
    month = jul,
   volume = 609,
    pages = {667-682},
      doi = {10.1086/421232},
   adsurl = {http://adsabs.harvard.edu/abs/2004ApJ...609..667S},
  adsnote = {Provided by the SAO/NASA Astrophysics Data System}
}

@ARTICLE{Schaye2008,
   author = {{Schaye}, J. and {Dalla Vecchia}, C.},
    title = "{On the relation between the Schmidt and Kennicutt-Schmidt star formation laws and its implications for numerical simulations}",
  journal = {\mnras},
archivePrefix = "arXiv",
   eprint = {0709.0292},
 keywords = {stars: formation , galaxies: evolution , galaxies: formation , galaxies: ISM},
     year = 2008,
    month = jan,
   volume = 383,
    pages = {1210-1222},
      doi = {10.1111/j.1365-2966.2007.12639.x},
   adsurl = {http://adsabs.harvard.edu/abs/2008MNRAS.383.1210S},
  adsnote = {Provided by the SAO/NASA Astrophysics Data System}
}

